@preamble{"\def\ocirc#1{\ifmmode\setbox0=\hbox{$#1$}\dimen0=\ht0     \advance\dimen0 by1pt\rlap{\hbox to\wd0{\hss\raise\dimen0     \hbox{\hskip.2em$\scriptscriptstyle\circ$}\hss}}#1\else     {\accent"17 #1}\fi} "}


@article {MR2046194,
    AUTHOR = {B\'{e}nyi, \'{A} and Torres, {R}. H.},
     TITLE = {Almost orthogonality and a class of bounded bilinear
              pseudodifferential operators},
   JOURNAL = {Math. Res. Lett.},
  FJOURNAL = {Mathematical Research Letters},
    VOLUME = {11},
      YEAR = {2004},
    NUMBER = {1},
     PAGES = {1--11},
      ISSN = {1073-2780},
   MRCLASS = {35S05 (42B10 47G30)},
  MRNUMBER = {2046194},
MRREVIEWER = {Josefina Alvarez},
       DOI = {10.4310/MRL.2004.v11.n1.a1},
       URL = {https://doi-org.er.lib.k-state.edu/10.4310/MRL.2004.v11.n1.a1},
}



@article {MR3205530,
    AUTHOR = {B\'{e}nyi, \'{A}. and Bernicot, F. and Maldonado, D. and
              Naibo, V. and Torres, R. H.},
     TITLE = {On the {H}\"{o}rmander classes of bilinear pseudodifferential
              operators {II}},
   JOURNAL = {Indiana Univ. Math. J.},
  FJOURNAL = {Indiana University Mathematics Journal},
    VOLUME = {62},
      YEAR = {2013},
    NUMBER = {6},
     PAGES = {1733--1764},
      ISSN = {0022-2518},
   MRCLASS = {47F05 (35S05 42B20 42B35 47G30)},
  MRNUMBER = {3205530},
MRREVIEWER = {Michael A. Perelmuter},
       DOI = {10.1512/iumj.2013.62.5168},
       URL = {https://doi-org.er.lib.k-state.edu/10.1512/iumj.2013.62.5168},
}

@article {MR1501936,
    AUTHOR = {Morrey, C.},
     TITLE = {On the solutions of quasi-linear elliptic partial differential
              equations},
   JOURNAL = {Trans. Amer. Math. Soc.},
  FJOURNAL = {Transactions of the American Mathematical Society},
    VOLUME = {43},
      YEAR = {1938},
    NUMBER = {1},
     PAGES = {126--166},
      ISSN = {0002-9947},
   MRCLASS = {35J60},
  MRNUMBER = {1501936},
       DOI = {10.2307/1989904},
       URL = {https://doi-org.er.lib.k-state.edu/10.2307/1989904},
}


@article {Oh_Wu,
   AUTHOR = {S. Oh and X. Wu},
	TITLE = {On ${L}^1$ endpoint {K}ato-{P}once inequality},
	JOURNAL = {Math. Res. Lett.},
	YEAR = {2019},
}



@article {MR0293384,
    AUTHOR = {Muckenhoupt, B.},
     TITLE = {Weighted norm inequalities for the {H}ardy maximal function},
   JOURNAL = {Trans. Amer. Math. Soc.},
  FJOURNAL = {Transactions of the American Mathematical Society},
    VOLUME = {165},
      YEAR = {1972},
     PAGES = {207--226},
      ISSN = {0002-9947},
   MRCLASS = {46E30 (26A86 42A40)},
  MRNUMBER = {0293384},
MRREVIEWER = {P. G. Rooney},
       DOI = {10.2307/1995882},
       URL = {https://doi-org.er.lib.k-state.edu/10.2307/1995882},
}


@article {MR3211086,
    AUTHOR = {Herbert, J. and Naibo, V.},
     TITLE = {Bilinear pseudodifferential operators with symbols in {B}esov
              spaces},
   JOURNAL = {J. Pseudo-Differ. Oper. Appl.},
  FJOURNAL = {Journal of Pseudo-Differential Operators and Applications},
    VOLUME = {5},
      YEAR = {2014},
    NUMBER = {2},
     PAGES = {231--254},
      ISSN = {1662-9981},
   MRCLASS = {35S05 (42B15 42B20 47G30)},
  MRNUMBER = {3211086},
MRREVIEWER = {Dauren B. Bazarkhanov},
       DOI = {10.1007/s11868-013-0085-x},
       URL = {https://doi-org.er.lib.k-state.edu/10.1007/s11868-013-0085-x},
}



@incollection {MR3627725,
    AUTHOR = {Herbert, J. and Naibo, V.},
     TITLE = {Besov spaces, symbolic calculus, and boundedness of bilinear
              pseudodifferential operators},
 BOOKTITLE = {Harmonic analysis, partial differential equations, complex
              analysis, {B}anach spaces, and operator theory. {V}ol. 1},
    SERIES = {Assoc. Women Math. Ser.},
    VOLUME = {4},
     PAGES = {275--305},
 PUBLISHER = {Springer, [Cham]},
      YEAR = {2016},
   MRCLASS = {35S05 (42B15 47G30)},
  MRNUMBER = {3627725},
}


@article {MR1274547,
    AUTHOR = {Kozono, H. and Yamazaki, M.},
     TITLE = {Semilinear heat equations and the {N}avier-{S}tokes equation
              with distributions in new function spaces as initial data},
   JOURNAL = {Comm. Partial Differential Equations},
  FJOURNAL = {Communications in Partial Differential Equations},
    VOLUME = {19},
      YEAR = {1994},
    NUMBER = {5-6},
     PAGES = {959--1014},
      ISSN = {0360-5302},
   MRCLASS = {35K55 (35Q30 46E35 46N20 76D05)},
  MRNUMBER = {1274547},
MRREVIEWER = {Vasiliy I. Sedenko},
       DOI = {10.1080/03605309408821042},
       URL = {https://doi-org.er.lib.k-state.edu/10.1080/03605309408821042},
}

@article {MR1946395,
    AUTHOR = {Mazzucato, A. L.},
     TITLE = {Besov-{M}orrey spaces: function space theory and applications
              to non-linear {PDE}},
   JOURNAL = {Trans. Amer. Math. Soc.},
  FJOURNAL = {Transactions of the American Mathematical Society},
    VOLUME = {355},
      YEAR = {2003},
    NUMBER = {4},
     PAGES = {1297--1364},
      ISSN = {0002-9947},
   MRCLASS = {46E35 (35Q30 35S05 46N20 58J40)},
  MRNUMBER = {1946395},
MRREVIEWER = {Joachim Toft},
       DOI = {10.1090/S0002-9947-02-03214-2},
       URL = {https://doi-org.er.lib.k-state.edu/10.1090/S0002-9947-02-03214-2},
}

@incollection {MR2792058,
    AUTHOR = {Izuki, M. and Sawano, Y. and Tanaka, H.},
     TITLE = {Weighted {B}esov-{M}orrey spaces and {T}riebel-{L}izorkin
              spaces},
 BOOKTITLE = {Harmonic analysis and nonlinear partial differential
              equations},
    SERIES = {RIMS K\^oky\^uroku Bessatsu, B22},
     PAGES = {21--60},
 PUBLISHER = {Res. Inst. Math. Sci. (RIMS), Kyoto},
      YEAR = {2010},
   MRCLASS = {42B35 (41A17 46E35)},
  MRNUMBER = {2792058},
MRREVIEWER = {Pierre Portal},
}


@article {MR3538648,
    AUTHOR = {Rosenthal, M. and Schmeisser, H.-J.},
     TITLE = {The boundedness of operators in {M}uckenhoupt weighted
              {M}orrey spaces via extrapolation techniques and duality},
   JOURNAL = {Rev. Mat. Complut.},
  FJOURNAL = {Revista Matem\'atica Complutense},
    VOLUME = {29},
      YEAR = {2016},
    NUMBER = {3},
     PAGES = {623--657},
      ISSN = {1139-1138},
   MRCLASS = {42B35 (42B15 42B20 42B25 46E30)},
  MRNUMBER = {3538648},
MRREVIEWER = {Canay Aykol},
       DOI = {10.1007/s13163-016-0208-z},
       URL = {https://doi-org.er.lib.k-state.edu/10.1007/s13163-016-0208-z},
}

@article {ST2018,
    AUTHOR = {Seeger, A. and Trebels, W.},
     TITLE = {Embeddings for spaces of {L}orentz-{S}obolev type},
   JOURNAL = {Math. Ann.},
  FJOURNAL = {Mathematische Annalen.},
    VOLUME = {},
      YEAR = {2018, https://doi.org/10.1007/s00208-018-1730-8},
    NUMBER = {},
     PAGES = {},
      ISSN = {},
   MRCLASS = {},
  MRNUMBER = {},
MRREVIEWER = {},
}


@book{MR2797562,
	Author = {Cruz-Uribe, D. and Martell, J. M. and P{\'e}rez, C.},
	Date-Added = {2014-10-01 22:25:18 +0000},
	Date-Modified = {2014-10-01 22:25:18 +0000},
	Doi = {10.1007/978-3-0348-0072-3},
	Isbn = {978-3-0348-0071-6},
	Mrclass = {42-02 (35A23 42B25 46B70 46E15)},
	Mrnumber = {2797562 (2012f:42001)},
	Mrreviewer = {Javier Duoandikoetxea},
	Pages = {xiv+280},
	Publisher = {Birkh\"auser/Springer Basel AG, Basel},
	Series = {Operator Theory: Advances and Applications},
	Title = {Weights, extrapolation and the theory of {R}ubio de {F}rancia},
	Url = {http://dx.doi.org/10.1007/978-3-0348-0072-3},
	Volume = {215},
	Year = {2011},
	Bdsk-Url-1 = {http://dx.doi.org/10.1007/978-3-0348-0072-3}}

@article{MR0223874,
	Author = {Hunt, R.},
	Date-Modified = {2018-03-16 20:11:51 +0000},
	Fjournal = {L'Enseignement Math\'ematique. Revue Internationale. IIe S\'erie},
	Issn = {0013-8584},
	Journal = {Enseignement Math. (2)},
	Mrclass = {46.35},
	Mrnumber = {0223874},
	Mrreviewer = {C. Goulaouic},
	Pages = {249--276},
	Rating = {5},
	Read = {1},
	Title = {On {$L(p,\,q)$} spaces},
	Volume = {12},
	Year = {1966},
	}
	
@article{MR2210118,
	Author = {Cruz-Uribe, D. and Fiorenza, A. and Martell, J. M. and P{\'e}rez, C.},
	Fjournal = {Annales Academi\ae\ Scientiarum Fennic\ae . Mathematica},
	Issn = {1239-629X},
	Journal = {Ann. Acad. Sci. Fenn. Math.},
	Mrclass = {42B25 (42B15 42B20 47B38)},
	Mrnumber = {2210118 (2006m:42029)},
	Mrreviewer = {Sergei F. Lukomski{\u\i}},
	Number = {1},
	Pages = {239--264},
	Title = {The boundedness of classical operators on variable {$L^p$} spaces},
	Volume = {31},
	Year = {2006}}

@article{MR2339558,
	Author = {Gurka, P. and Harjulehto, P. and Nekvinda, A.},
	Doi = {10.7153/mia-10-61},
	Fjournal = {Mathematical Inequalities \& Applications},
	Issn = {1331-4343},
	Journal = {Math. Inequal. Appl.},
	Mrclass = {46E30 (26A16)},
	Mrnumber = {2339558},
	Mrreviewer = {J. Horv{\'a}th},
	Number = {3},
	Pages = {661--676},
	Title = {Bessel potential spaces with variable exponent},
	Url = {http://dx.doi.org.er.lib.k-state.edu/10.7153/mia-10-61},
	Volume = {10},
	Year = {2007},
	Bdsk-Url-1 = {http://dx.doi.org.er.lib.k-state.edu/10.7153/mia-10-61},
	Bdsk-Url-2 = {http://dx.doi.org/10.7153/mia-10-61}}

@article{MR2449626,
	Author = {Xu, J.},
	Doi = {10.1080/10652460802030631},
	Fjournal = {Integral Transforms and Special Functions. An International Journal},
	Issn = {1065-2469},
	Journal = {Integral Transforms Spec. Funct.},
	Mrclass = {46E35 (42B15)},
	Mrnumber = {2449626},
	Mrreviewer = {George C. Kyriazis},
	Number = {7-8},
	Pages = {599--605},
	Title = {The relation between variable {B}essel potential spaces and {T}riebel-{L}izorkin spaces},
	Url = {http://dx.doi.org.er.lib.k-state.edu/10.1080/10652460802030631},
	Volume = {19},
	Year = {2008},
	Bdsk-Url-1 = {http://dx.doi.org.er.lib.k-state.edu/10.1080/10652460802030631},
	Bdsk-Url-2 = {http://dx.doi.org/10.1080/10652460802030631}}

@article{MR2431378,
	Author = {Xu, J.},
	Fjournal = {Annales Academi\ae\ Scientiarum Fennic\ae . Mathematica},
	Issn = {1239-629X},
	Journal = {Ann. Acad. Sci. Fenn. Math.},
	Mrclass = {46E35 (42B35 46E30)},
	Mrnumber = {2431378},
	Mrreviewer = {Alexandre Almeida},
	Number = {2},
	Pages = {511--522},
	Title = {Variable {B}esov and {T}riebel-{L}izorkin spaces},
	Volume = {33},
	Year = {2008}}

@article{MR2566313,
	Author = {Almeida, A. and H{\"a}st{\"o}, P.},
	Coden = {JFUAAW},
	Doi = {10.1016/j.jfa.2009.09.012},
	Fjournal = {Journal of Functional Analysis},
	Issn = {0022-1236},
	Journal = {J. Funct. Anal.},
	Mrclass = {46E35},
	Mrnumber = {2566313},
	Mrreviewer = {Dorothee D. Haroske},
	Number = {5},
	Pages = {1628--1655},
	Title = {Besov spaces with variable smoothness and integrability},
	Url = {http://dx.doi.org.er.lib.k-state.edu/10.1016/j.jfa.2009.09.012},
	Volume = {258},
	Year = {2010},
	Bdsk-Url-1 = {http://dx.doi.org.er.lib.k-state.edu/10.1016/j.jfa.2009.09.012},
	Bdsk-Url-2 = {http://dx.doi.org/10.1016/j.jfa.2009.09.012}}

@article{MR2498558,
	Author = {Diening, L. and H{\"a}st{\"o}, P. and Roudenko, S.},
	Coden = {JFUAAW},
	Doi = {10.1016/j.jfa.2009.01.017},
	Fjournal = {Journal of Functional Analysis},
	Issn = {0022-1236},
	Journal = {J. Funct. Anal.},
	Mrclass = {46E35 (42B35 46E30)},
	Mrnumber = {2498558},
	Mrreviewer = {Alexandre Almeida},
	Number = {6},
	Pages = {1731--1768},
	Title = {Function spaces of variable smoothness and integrability},
	Url = {http://dx.doi.org.er.lib.k-state.edu/10.1016/j.jfa.2009.01.017},
	Volume = {256},
	Year = {2009},
	Bdsk-Url-1 = {http://dx.doi.org.er.lib.k-state.edu/10.1016/j.jfa.2009.01.017},
	Bdsk-Url-2 = {http://dx.doi.org/10.1016/j.jfa.2009.01.017}}

@book{MR2790542,
	Author = {Diening, L. and Harjulehto, P. and H{\"a}st{\"o}, P. and R{\ocirc{u}}{\v{z}}i{\v{c}}ka, M.},
	Doi = {10.1007/978-3-642-18363-8},
	Isbn = {978-3-642-18362-1},
	Mrclass = {46-02 (26D10 31B15 35J60 35Q35 46E30 46E35 46N20)},
	Mrnumber = {2790542},
	Mrreviewer = {Dorothee D. Haroske},
	Pages = {x+509},
	Publisher = {Springer, Heidelberg},
	Series = {Lecture Notes in Mathematics},
	Title = {Lebesgue and {S}obolev spaces with variable exponents},
	Url = {http://dx.doi.org.er.lib.k-state.edu/10.1007/978-3-642-18363-8},
	Volume = {2017},
	Year = {2011},
	Bdsk-Url-1 = {http://dx.doi.org.er.lib.k-state.edu/10.1007/978-3-642-18363-8},
	Bdsk-Url-2 = {http://dx.doi.org/10.1007/978-3-642-18363-8}}

@book{MR3026953,
	Author = {Cruz-Uribe, D. and Fiorenza, A.},
	Doi = {10.1007/978-3-0348-0548-3},
	Isbn = {978-3-0348-0547-6; 978-3-0348-0548-3},
	Mrclass = {42-02 (42B20 42B25 42B35 46E30)},
	Mrnumber = {3026953},
	Mrreviewer = {Paul Alton Hagelstein},
	Note = {Foundations and harmonic analysis},
	Pages = {x+312},
	Publisher = {Birkh\"auser/Springer, Heidelberg},
	Series = {Applied and Numerical Harmonic Analysis},
	Title = {Variable {L}ebesgue spaces},
	Url = {http://dx.doi.org.er.lib.k-state.edu/10.1007/978-3-0348-0548-3},
	Year = {2013},
	Bdsk-Url-1 = {http://dx.doi.org.er.lib.k-state.edu/10.1007/978-3-0348-0548-3},
	Bdsk-Url-2 = {http://dx.doi.org/10.1007/978-3-0348-0548-3}}

@article {MR3750316,
    AUTHOR = {Koezuka, K. and Tomita, N.},
     TITLE = {Bilinear {P}seudo-differential {O}perators with {S}ymbols in
              {$BS^m_{1,1}$} on {T}riebel--{L}izorkin {S}paces},
   JOURNAL = {J. Fourier Anal. Appl.},
  FJOURNAL = {The Journal of Fourier Analysis and Applications},
    VOLUME = {24},
      YEAR = {2018},
    NUMBER = {1},
     PAGES = {309--319},
      ISSN = {1069-5869},
   MRCLASS = {42B20 (42B35 47G30)},
  MRNUMBER = {3750316},
       URL = {https://doi-org.er.lib.k-state.edu/10.1007/s00041-016-9518-2},
}

@book {MR0374877,
    AUTHOR = {Nikol'ski\u\i , S. M.},
     TITLE = {Approximation of functions of several variables and imbedding
              theorems},
      NOTE = {Translated from the Russian by John M. Danskin, Jr.,
              Die Grundlehren der Mathematischen Wissenschaften, Band 205},
 PUBLISHER = {Springer-Verlag, New York-Heidelberg.},
      YEAR = {1975},
     PAGES = {viii+418},
   MRCLASS = {46EXX (41A63 46E35 46FXX)},
  MRNUMBER = {0374877},
}

@article {MR673825,
    AUTHOR = {Bourdaud, G.},
     TITLE = {{$L^{p}$}\ estimates for certain nonregular
              pseudodifferential operators},
   JOURNAL = {Comm. Partial Differential Equations},
  FJOURNAL = {Communications in Partial Differential Equations},
    VOLUME = {7},
      YEAR = {1982},
    NUMBER = {9},
     PAGES = {1023--1033},
      ISSN = {0360-5302},
   MRCLASS = {47G05 (35S05)},
  MRNUMBER = {673825},
MRREVIEWER = {Luigi Rodino},
       URL = {https://doi-org.er.lib.k-state.edu/10.1080/03605308208820244},
}

@article {MR631751,
    AUTHOR = {Bony, J.-M.},
     TITLE = {Calcul symbolique et propagation des singularit\'es pour les
              \'equations aux d\'eriv\'ees partielles non lin\'eaires},
   JOURNAL = {Ann. Sci. \'Ecole Norm. Sup. (4)},
  FJOURNAL = {Annales Scientifiques de l'\'Ecole Normale Sup\'erieure. Quatri\`eme
              S\'erie},
    VOLUME = {14},
      YEAR = {1981},
    NUMBER = {2},
     PAGES = {209--246},
      ISSN = {0012-9593},
   MRCLASS = {35S99 (35G20)},
  MRNUMBER = {631751},
MRREVIEWER = {J. Lacroix},
       URL = {http://www.numdam.org/item?id=ASENS_1981_4_14_2_209_0},
}

@article {MR639462,
    AUTHOR = {Meyer, Y.},
     TITLE = {Remarques sur un th\'eor\`eme de {J}.-{M}. {B}ony},
 BOOKTITLE = {Proceedings of the {S}eminar on {H}armonic {A}nalysis ({P}isa,
              1980)},
   JOURNAL = {Rend. Circ. Mat. Palermo (2)},
  FJOURNAL = {Rendiconti del Circolo Matematico di Palermo. Serie II},
      YEAR = {1981},
    NUMBER = {suppl. 1},
     PAGES = {1--20},
      ISSN = {0009-725X},
   MRCLASS = {35S05 (35J60 47G05 58C15 58G07)},
  MRNUMBER = {639462},
MRREVIEWER = {Luigi Rodino},
}

@article {MR2250054,
    AUTHOR = {B{\'e}nyi, {\'A}. and Nahmod, A. R. and Torres,
              R. H.},
     TITLE = {Sobolev space estimates and symbolic calculus for bilinear
              pseudodifferential operators},
   JOURNAL = {J. Geom. Anal.},
  FJOURNAL = {The Journal of Geometric Analysis},
    VOLUME = {16},
      YEAR = {2006},
    NUMBER = {3},
     PAGES = {431--453},
      ISSN = {1050-6926},
   MRCLASS = {47G30 (35S05 42B15 42C10 46E35)},
  MRNUMBER = {2250054 (2007e:47079)},
MRREVIEWER = {Juha K. Kinnunen},
       DOI = {10.1007/BF02922061},
       URL = {http://dx.doi.org.er.lib.k-state.edu/10.1007/BF02922061},
}

@article {MR1986065,
    AUTHOR = {B{\'e}nyi, {\'A}. and Torres, R. H.},
     TITLE = {Symbolic calculus and the transposes of bilinear
              pseudodifferential operators},
   JOURNAL = {Comm. Partial Differential Equations},
  FJOURNAL = {Communications in Partial Differential Equations},
    VOLUME = {28},
      YEAR = {2003},
    NUMBER = {5-6},
     PAGES = {1161--1181},
      ISSN = {0360-5302},
     CODEN = {CPDIDZ},
   MRCLASS = {35S05 (47G30)},
  MRNUMBER = {1986065 (2004d:35260)},
MRREVIEWER = {R{\'e}mi Vaillancourt},
       DOI = {10.1081/PDE-120021190},
       URL = {http://dx.doi.org/10.1081/PDE-120021190},
		}

@article {MR1996120,
    AUTHOR = {B{\'e}nyi, {\'A}.},
     TITLE = {Bilinear pseudodifferential operators with forbidden symbols
              on {L}ipschitz and {B}esov spaces},
   JOURNAL = {J. Math. Anal. Appl.},
  FJOURNAL = {Journal of Mathematical Analysis and Applications},
    VOLUME = {284},
      YEAR = {2003},
    NUMBER = {1},
     PAGES = {97--103},
      ISSN = {0022-247X},
     CODEN = {JMANAK},
   MRCLASS = {35S30 (35S05 47G30)},
  MRNUMBER = {1996120 (2004f:35203)},
MRREVIEWER = {William Margulies},
       DOI = {10.1016/S0022-247X(03)00245-2},
       URL = {http://dx.doi.org.er.lib.k-state.edu/10.1016/S0022-247X(03)00245-2},
}

@article {MR3393695,
    AUTHOR = {Torres, R.H. and Ward, E.L.},
     TITLE = {Leibniz's rule, sampling and wavelets on mixed {L}ebesgue
              spaces},
   JOURNAL = {J. Fourier Anal. Appl.},
  FJOURNAL = {The Journal of Fourier Analysis and Applications},
    VOLUME = {21},
      YEAR = {2015},
    NUMBER = {5},
     PAGES = {1053--1076},
      ISSN = {1069-5869},
   MRCLASS = {42B20 (42B25 47B07 47G99)},
  MRNUMBER = {3393695},
MRREVIEWER = {Vivien G. Miller},
       DOI = {10.1007/s00041-015-9397-y},
       URL = {http://dx.doi.org.er.lib.k-state.edu/10.1007/s00041-015-9397-y},
}

@article {MR3189525,
    AUTHOR = {Grafakos, L. and Maldonado, D. and Naibo, V.},
     TITLE = {A remark on an endpoint {K}ato-{P}once inequality},
   JOURNAL = {Differential Integral Equations},
  FJOURNAL = {Differential and Integral Equations. An International Journal
              for Theory \& Applications},
    VOLUME = {27},
      YEAR = {2014},
    NUMBER = {5-6},
     PAGES = {415--424},
      ISSN = {0893-4983},
   MRCLASS = {42B20 (35A23 46E35)},
  MRNUMBER = {3189525},
       URL = {http://projecteuclid.org.er.lib.k-state.edu/euclid.die/1396558089},
}

@article {MR1124294,
    AUTHOR = {Christ, M. and Weinstein, M.},
     TITLE = {Dispersion of small amplitude solutions of the generalized
              {K}orteweg-de {V}ries equation},
   JOURNAL = {J. Funct. Anal.},
  FJOURNAL = {Journal of Functional Analysis},
    VOLUME = {100},
      YEAR = {1991},
    NUMBER = {1},
     PAGES = {87--109},
      ISSN = {0022-1236},
     CODEN = {JFUAAW},
   MRCLASS = {35Q53 (35B05)},
  MRNUMBER = {1124294 (92h:35203)},
MRREVIEWER = {Yuji Kodama},
       DOI = {10.1016/0022-1236(91)90103-C},
       URL = {http://dx.doi.org.er.lib.k-state.edu/10.1016/0022-1236(91)90103-C},
}

@article {MR837335,
    AUTHOR = {Yamazaki, M.},
     TITLE = {A quasihomogeneous version of paradifferential operators. {I}.
              {B}oundedness on spaces of {B}esov type},
   JOURNAL = {J. Fac. Sci. Univ. Tokyo Sect. IA Math.},
  FJOURNAL = {Journal of the Faculty of Science. University of Tokyo.
              Section IA. Mathematics},
    VOLUME = {33},
      YEAR = {1986},
    NUMBER = {1},
     PAGES = {131--174},
      ISSN = {0040-8980},
   MRCLASS = {35S05},
  MRNUMBER = {837335},
MRREVIEWER = {Yu. V. Egorov},
}

@article {MR808825,
    AUTHOR = {Frazier, M. and Jawerth, B.},
     TITLE = {Decomposition of {B}esov spaces},
   JOURNAL = {Indiana Univ. Math. J.},
  FJOURNAL = {Indiana University Mathematics Journal},
    VOLUME = {34},
      YEAR = {1985},
    NUMBER = {4},
     PAGES = {777--799},
      ISSN = {0022-2518},
     CODEN = {IUMJAB},
   MRCLASS = {46E35 (46E10)},
  MRNUMBER = {808825},
MRREVIEWER = {A. B. Aleksandrov},
       DOI = {10.1512/iumj.1985.34.34041},
       URL = {http://dx.doi.org.er.lib.k-state.edu/10.1512/iumj.1985.34.34041},
}

@article {MR523600,
    AUTHOR = {Goldberg, D.},
     TITLE = {A local version of real {H}ardy spaces},
   JOURNAL = {Duke Math. J.},
  FJOURNAL = {Duke Mathematical Journal},
    VOLUME = {46},
      YEAR = {1979},
    NUMBER = {1},
     PAGES = {27--42},
      ISSN = {0012-7094},
   MRCLASS = {46E99 (42B30 46F05)},
  MRNUMBER = {523600},
MRREVIEWER = {Hans G. Feichtinger},
       URL = {http://projecteuclid.org.er.lib.k-state.edu/euclid.dmj/1077313253},
}

@book{MR1107300,
	Author = {Frazier, M. and Jawerth, B. and Weiss, G.},
	Doi = {10.1090/cbms/079},
	Isbn = {0-8218-0731-5},
	Mrclass = {42B25 (42C15 46E35 46M35)},
	Mrnumber = {1107300},
	Mrreviewer = {W. R. Madych},
	Pages = {viii+132},
	Publisher = {Published for the Conference Board of the Mathematical Sciences, Washington, DC; by the American Mathematical Society, Providence, RI},
	Series = {CBMS Regional Conference Series in Mathematics},
	Title = {Littlewood-{P}aley theory and the study of function spaces},
	Url = {http://dx.doi.org.er.lib.k-state.edu/10.1090/cbms/079},
	Volume = {79},
	Year = {1991},
	Bdsk-Url-1 = {http://dx.doi.org.er.lib.k-state.edu/10.1090/cbms/079},
	Bdsk-Url-2 = {http://dx.doi.org/10.1090/cbms/079}}

@article{MR1070037,
	Author = {Frazier, M. and Jawerth, B.},
	Coden = {JFUAAW},
	Doi = {10.1016/0022-1236(90)90137-A},
	Fjournal = {Journal of Functional Analysis},
	Issn = {0022-1236},
	Journal = {J. Funct. Anal.},
	Mrclass = {46Fxx (42B25 44A55 46M35 65D15)},
	Mrnumber = {1070037 (92a:46042)},
	Mrreviewer = {Hans-J{\"u}rgen Glaeske},
	Number = {1},
	Pages = {34--170},
	Title = {A discrete transform and decompositions of distribution spaces},
	Url = {http://dx.doi.org.er.lib.k-state.edu/10.1016/0022-1236(90)90137-A},
	Volume = {93},
	Year = {1990},
	Bdsk-Url-1 = {http://dx.doi.org.er.lib.k-state.edu/10.1016/0022-1236(90)90137-A},
	Bdsk-Url-2 = {http://dx.doi.org/10.1016/0022-1236(90)90137-A}}

@article{MR604351,
	Author = {Andersen, K. and John, R.},
	Coden = {SMATAZ},
	Fjournal = {Polska Akademia Nauk. Institut Matematyczny. Studia Mathematica},
	Issn = {0039-3223},
	Journal = {Studia Math.},
	Mrclass = {42B25 (26D15 42B20)},
	Mrnumber = {604351 (82b:42015)},
	Mrreviewer = {Douglas Kurtz},
	Number = {1},
	Pages = {19--31},
	Title = {Weighted inequalities for vector-valued maximal functions and singular integrals},
	Volume = {69},
	Year = {1980/81}}

@book{MR1800316,
	Author = {Duoandikoetxea, J.},
	Isbn = {0-8218-2172-5},
	Mrclass = {42-01},
	Mrnumber = {1800316 (2001k:42001)},
	Mrreviewer = {Loukas Grafakos},
	Note = {Translated and revised from the 1995 Spanish original by David Cruz-Uribe},
	Pages = {xviii+222},
	Publisher = {American Mathematical Society, Providence, RI},
	Series = {Graduate Studies in Mathematics},
	Title = {Fourier analysis},
	Volume = {29},
	Year = {2001}}

@book {MR3243734,
    AUTHOR = {Grafakos, L.},
     TITLE = {Classical {F}ourier analysis},
    SERIES = {Graduate Texts in Mathematics},
    VOLUME = {249},
   EDITION = {Third},
 PUBLISHER = {Springer, New York},
      YEAR = {2014},
     PAGES = {xviii+638},
      ISBN = {978-1-4939-1193-6; 978-1-4939-1194-3},
   MRCLASS = {42-01 (42Bxx)},
  MRNUMBER = {3243734},
MRREVIEWER = {Atanas G. Stefanov},
       DOI = {10.1007/978-1-4939-1194-3},
       URL = {http://dx.doi.org.er.lib.k-state.edu/10.1007/978-1-4939-1194-3},
}

@book {MR3243741,
    AUTHOR = {Grafakos, L.},
     TITLE = {Modern {F}ourier analysis},
    SERIES = {Graduate Texts in Mathematics},
    VOLUME = {250},
   EDITION = {Third},
 PUBLISHER = {Springer, New York},
      YEAR = {2014},
     PAGES = {xvi+624},
      ISBN = {978-1-4939-1229-2; 978-1-4939-1230-8},
   MRCLASS = {42-01 (42Bxx)},
  MRNUMBER = {3243741},
MRREVIEWER = {Atanas G. Stefanov},
       DOI = {10.1007/978-1-4939-1230-8},
       URL = {http://dx.doi.org.er.lib.k-state.edu/10.1007/978-1-4939-1230-8},
}

@article {MR3750234,
    AUTHOR = {Brummer, J. and Naibo, V.},
     TITLE = {Bilinear operators with homogeneous symbols, smooth molecules,
              and {K}ato-{P}once inequalities},
   JOURNAL = {Proc. Amer. Math. Soc.},
  FJOURNAL = {Proceedings of the American Mathematical Society},
    VOLUME = {146},
      YEAR = {2018},
    NUMBER = {3},
     PAGES = {1217--1230},
      ISSN = {0002-9939},
   MRCLASS = {47G30 (42B35 46E35)},
  MRNUMBER = {3750234},
       URL = {https://doi-org.er.lib.k-state.edu/10.1090/proc/13841},
}

@article {BrNa2017,
    AUTHOR = {Brummer, J. and Naibo, V.},
     TITLE = {Weighted fractional {L}eibniz-type rules for bilinear multiplier operators},
   JOURNAL = {Potential Anal.},
  FJOURNAL = {},
    VOLUME = {},
      YEAR = {2018, https://doi.org/10.1007/s11118-018-9703-9},
    NUMBER = {},
     PAGES = {},
      ISSN = {},
   MRCLASS = {},
  MRNUMBER = {},
MRREVIEWER = {},
}

@article {NaTh_CM,
    AUTHOR = {Naibo, V. and Thomson, A.},
     TITLE = {Coifman-{M}eyer multipliers: Leibniz-type rules and applications to scattering of solutions to {PDE}s},
   JOURNAL = {To appear in Trans. Amer. Math. Soc.},
  FJOURNAL = {},
    VOLUME = {},
      YEAR = {2019},
    NUMBER = {},
     PAGES = {},
      ISSN = {},
   MRCLASS = {},
  MRNUMBER = {},
MRREVIEWER = {},
}

@article {MR3912862,
    AUTHOR = {Naibo, V. and Thomson, A.},
     TITLE = {Bilinear {H}\"{o}rmander classes of critical order and
              {L}eibniz-type rules in {B}esov and local {H}ardy spaces},
   JOURNAL = {J. Math. Anal. Appl.},
  FJOURNAL = {Journal of Mathematical Analysis and Applications},
    VOLUME = {473},
      YEAR = {2019},
    NUMBER = {2},
     PAGES = {980--1001},
      ISSN = {0022-247X},
   MRCLASS = {47G30 (42B35)},
  MRNUMBER = {3912862},
       DOI = {10.1016/j.jmaa.2019.01.005},
       URL = {https://doi-org.er.lib.k-state.edu/10.1016/j.jmaa.2019.01.005},
}

@article{MR676560,
	Author = {Bui Huy Qui},
	Coden = {HMTJAD},
	Fjournal = {Hiroshima Mathematical Journal},
	Issn = {0018-2079},
	Journal = {Hiroshima Math. J.},
	Mrclass = {46E35 (46M35)},
	Mrnumber = {676560},
	Mrreviewer = {A. Kufner},
	Number = {3},
	Pages = {581--605},
	Title = {Weighted {B}esov and {T}riebel spaces: interpolation by the real method},
	Url = {http://projecteuclid.org.er.lib.k-state.edu/euclid.hmj/1206133649},
	Volume = {12},
	Year = {1982},
	Bdsk-Url-1 = {http://projecteuclid.org.er.lib.k-state.edu/euclid.hmj/1206133649}}

@book {MR518170,
    AUTHOR = {Coifman,  R. and Meyer, Y.},
     TITLE = {Au del\`a des op\'erateurs pseudo-diff\'erentiels},
    SERIES = {Ast\'erisque},
    VOLUME = {57},
      NOTE = {},
 PUBLISHER = {Soci\'et\'e Math\'ematique de France, Paris},
      YEAR = {1978},
     PAGES = {i+185},
   MRCLASS = {47G05 (35S05 42B20 58G15)},
  MRNUMBER = {518170},
MRREVIEWER = {S. G. Gindikin},
}

@article {MR977891,
    AUTHOR = {Yamazaki, M.},
     TITLE = {A quasi-homogeneous version of the microlocal analysis for
              nonlinear partial differential equations},
   JOURNAL = {Japan. J. Math. (N.S.)},
  FJOURNAL = {Japanese Journal of Mathematics. New Series},
    VOLUME = {14},
      YEAR = {1988},
    NUMBER = {2},
     PAGES = {225--260},
      ISSN = {0289-2316},
   MRCLASS = {35A27 (35H05 35S05)},
  MRNUMBER = {977891},
MRREVIEWER = {Jia Xing Hong},
}

@book {MR3052499,
    AUTHOR = {Muscalu, C. and Schlag, W.},
     TITLE = {Classical and multilinear harmonic analysis. {V}ol. {II}},
    SERIES = {Cambridge Studies in Advanced Mathematics},
    VOLUME = {138},
 PUBLISHER = {Cambridge University Press, Cambridge},
      YEAR = {2013},
     PAGES = {xvi+324},
      ISBN = {978-1-107-03182-1},
   MRCLASS = {42-02 (43-02)},
  MRNUMBER = {3052499},
MRREVIEWER = {Gerald B. Folland},
}

@book {MR3052498,
    AUTHOR = {Muscalu, C. and Schlag, W.},
     TITLE = {Classical and multilinear harmonic analysis. {V}ol. {I}},
    SERIES = {Cambridge Studies in Advanced Mathematics},
    VOLUME = {137},
 PUBLISHER = {Cambridge University Press, Cambridge},
      YEAR = {2013},
     PAGES = {xviii+370},
      ISBN = {978-0-521-88245-3},
   MRCLASS = {42-02 (42A63 42B20 42B25 43-02)},
  MRNUMBER = {3052498},
MRREVIEWER = {Gerald B. Folland},
}

@article {MR1211741,
    AUTHOR = {Kenig, C. and Ponce, G. and Vega, L.},
     TITLE = {Well-posedness and scattering results for the generalized
              {K}orteweg-de {V}ries equation via the contraction principle},
   JOURNAL = {Comm. Pure Appl. Math.},
  FJOURNAL = {Communications on Pure and Applied Mathematics},
    VOLUME = {46},
      YEAR = {1993},
    NUMBER = {4},
     PAGES = {527--620},
      ISSN = {0010-3640},
     CODEN = {CPAMA},
   MRCLASS = {35Q53 (47H15 47N20)},
  MRNUMBER = {1211741 (94h:35229)},
MRREVIEWER = {Benno Fuchssteiner},
       DOI = {10.1002/cpa.3160460405},
       URL = {http://dx.doi.org.er.lib.k-state.edu/10.1002/cpa.3160460405},
}

@article {MR1420922,
    AUTHOR = {Gulisashvili, A. and Kon, M.},
     TITLE = {Exact smoothing properties of {S}chr\"odinger semigroups},
   JOURNAL = {Amer. J. Math.},
  FJOURNAL = {American Journal of Mathematics},
    VOLUME = {118},
      YEAR = {1996},
    NUMBER = {6},
     PAGES = {1215--1248},
      ISSN = {0002-9327},
     CODEN = {AJMAAN},
   MRCLASS = {47D06 (35J10 47F05 47N20)},
  MRNUMBER = {1420922 (97m:47053)},
MRREVIEWER = {El Maati Ouhabaz},
       URL =
              {http://muse.jhu.edu.er.lib.k-state.edu/journals/american_journal_of_mathematics/v118/118.6gulisashvili.pdf},
}

@article {MR951744,
    AUTHOR = {Kato, T. and Ponce, G.},
     TITLE = {Commutator estimates and the {E}uler and {N}avier-{S}tokes
              equations},
   JOURNAL = {Comm. Pure Appl. Math.},
  FJOURNAL = {Communications on Pure and Applied Mathematics},
    VOLUME = {41},
      YEAR = {1988},
    NUMBER = {7},
     PAGES = {891--907},
      ISSN = {0010-3640},
     CODEN = {CPAMA},
   MRCLASS = {35Q10 (47F05 76D05)},
  MRNUMBER = {951744 (90f:35162)},
MRREVIEWER = {Josef Bemelmans},
       DOI = {10.1002/cpa.3160410704},
       URL = {http://dx.doi.org.er.lib.k-state.edu/10.1002/cpa.3160410704},
}

@article {MR3864388,
    AUTHOR = {Hart, J. and Torres, R. H. and Wu, X.},
     TITLE = {Smoothing properties of bilinear operators and {L}eibniz-type
              rules in {L}ebesgue and mixed {L}ebesgue spaces},
   JOURNAL = {Trans. Amer. Math. Soc.},
  FJOURNAL = {Transactions of the American Mathematical Society},
    VOLUME = {370},
      YEAR = {2018},
    NUMBER = {12},
     PAGES = {8581--8612},
      ISSN = {0002-9947},
   MRCLASS = {42B20 (42B15 47G99)},
  MRNUMBER = {3864388},
MRREVIEWER = {Paul Alton Hagelstein},
       DOI = {10.1090/tran/7312},
       URL = {https://doi-org.er.lib.k-state.edu/10.1090/tran/7312},
}

@article {MR3200091,
    AUTHOR = {Grafakos, L. and Oh, S.},
     TITLE = {The {K}ato-{P}once inequality},
   JOURNAL = {Comm. Partial Differential Equations},
  FJOURNAL = {Communications in Partial Differential Equations},
    VOLUME = {39},
      YEAR = {2014},
    NUMBER = {6},
     PAGES = {1128--1157},
      ISSN = {0360-5302},
   MRCLASS = {42B20 (46E35)},
  MRNUMBER = {3200091},
       DOI = {10.1080/03605302.2013.822885},
       URL = {http://dx.doi.org.er.lib.k-state.edu/10.1080/03605302.2013.822885},
}

@article {MR3080192,
    AUTHOR = {Bernicot, F. and Germain, P.},
     TITLE = {Bilinear dispersive estimates via space-time resonances {I}:
              {T}he one-dimensional case},
   JOURNAL = {Anal. PDE},
  FJOURNAL = {Analysis \& PDE},
    VOLUME = {6},
      YEAR = {2013},
    NUMBER = {3},
     PAGES = {687--722},
      ISSN = {2157-5045},
   MRCLASS = {35Q41 (35B40 35B45)},
  MRNUMBER = {3080192},
MRREVIEWER = {Gaetano Siciliano},
       DOI = {10.2140/apde.2013.6.687},
       URL = {http://dx.doi.org.er.lib.k-state.edu/10.2140/apde.2013.6.687},
}

@article {MR2680189,
    AUTHOR = {Bernicot, F. and Germain, P.},
     TITLE = {Bilinear oscillatory integrals and boundedness for new
              bilinear multipliers},
   JOURNAL = {Adv. Math.},
  FJOURNAL = {Advances in Mathematics},
    VOLUME = {225},
      YEAR = {2010},
    NUMBER = {4},
     PAGES = {1739--1785},
      ISSN = {0001-8708},
   MRCLASS = {42B20 (42B15 42B25)},
  MRNUMBER = {2680189},
MRREVIEWER = {Javier Duoandikoetxea},
       DOI = {10.1016/j.aim.2010.03.032},
       URL = {http://dx.doi.org.er.lib.k-state.edu/10.1016/j.aim.2010.03.032},
}

@article{MR3513582,
	Author = {Cruz-Uribe, D. and Naibo, V.},
	Fjournal = {Differential and Integral Equations. An International Journal for Theory \& Applications},
	Issn = {0893-4983},
	Journal = {Differential Integral Equations},
	Mrclass = {42B25 (35Q30 35Q31 35Q53 42B20 42B35 46E35 47G40)},
	Mrnumber = {3513582},
	Number = {9-10},
	Pages = {801--836},
	Title = {Kato-{P}once inequalities on weighted and variable {L}ebesgue spaces},
	Url = {http://projecteuclid.org/euclid.die/1465912605},
	Volume = {29},
	Year = {2016},
	Bdsk-Url-1 = {http://projecteuclid.org/euclid.die/1465912605}}

@article {MR3263081,
    AUTHOR = {Bourgain, J. and Li, D.},
     TITLE = {On an endpoint {K}ato-{P}once inequality},
   JOURNAL = {Differential Integral Equations},
  FJOURNAL = {Differential and Integral Equations. An International Journal
              for Theory \& Applications},
    VOLUME = {27},
      YEAR = {2014},
    NUMBER = {11-12},
     PAGES = {1037--1072},
      ISSN = {0893-4983},
   MRCLASS = {42B20 (46E35)},
  MRNUMBER = {3263081},
MRREVIEWER = {Juha K. Kinnunen},
       URL = {http://projecteuclid.org/euclid.die/1408366784},
}

@article {MR3411149,
    AUTHOR = {Naibo, V.},
     TITLE = {On the {$L^\infty\times L^\infty\to BMO$} mapping property for
              certain bilinear pseudodifferential operators},
   JOURNAL = {Proc. Amer. Math. Soc.},
  FJOURNAL = {Proceedings of the American Mathematical Society},
    VOLUME = {143},
      YEAR = {2015},
    NUMBER = {12},
     PAGES = {5323--5336},
      ISSN = {0002-9939},
   MRCLASS = {35S05 (42B20 42B35 47G30)},
  MRNUMBER = {3411149},
MRREVIEWER = {\'{A}rp\'{a}d B\'{e}nyi},
       DOI = {10.1090/proc12775},
       URL = {https://doi-org.er.lib.k-state.edu/10.1090/proc12775},
}

@article {MR3393696,
    AUTHOR = {Naibo, V.},
     TITLE = {On the bilinear {H}\"ormander classes in the scales of
              {T}riebel-{L}izorkin and {B}esov spaces},
   JOURNAL = {J. Fourier Anal. Appl.},
  FJOURNAL = {The Journal of Fourier Analysis and Applications},
    VOLUME = {21},
      YEAR = {2015},
    NUMBER = {5},
     PAGES = {1077--1104},
      ISSN = {1069-5869},
   MRCLASS = {47G30 (42B20 42B35)},
  MRNUMBER = {3393696},
       DOI = {10.1007/s00041-015-9398-x},
       URL = {http://dx.doi.org.er.lib.k-state.edu/10.1007/s00041-015-9398-x},
}

@article{benyi2018strongly,
  title={Strongly singular bilinear Calder\'on-Zygmund operators and a class of bilinear pseudodifferential operators},
  author={B{\'e}nyi, \'A. and Chaffee, L. and Naibo, V.},
  journal={J. Math. Soc. Japan},
  VOLUME = {71},
  year={2019},
  NUMBER = {2},
  PAGES = {569-587},
  
}

@article {MR2660466,
    AUTHOR = {B{\'e}nyi, {\'A}. and Maldonado, D. and Naibo,
              V. and Torres, R. H.},
     TITLE = {On the {H}\"ormander classes of bilinear pseudodifferential
              operators},
   JOURNAL = {Integral Equations Operator Theory},
  FJOURNAL = {Integral Equations and Operator Theory},
    VOLUME = {67},
      YEAR = {2010},
    NUMBER = {3},
     PAGES = {341--364},
      ISSN = {0378-620X},
   MRCLASS = {47G30 (35S05 42B37)},
  MRNUMBER = {2660466 (2011g:47111)},
MRREVIEWER = {Fr{\'e}d{\'e}ric Bernicot},
       DOI = {10.1007/s00020-010-1782-y},
       URL = {http://dx.doi.org/10.1007/s00020-010-1782-y},
}

@book {MR0482275,
    AUTHOR = {Bergh, J. and L{\"o}fstr{\"o}m, J.},
     TITLE = {Interpolation spaces. {A}n introduction},
      NOTE = {Grundlehren der Mathematischen Wissenschaften, No. 223},
 PUBLISHER = {Springer-Verlag},
   ADDRESS = {Berlin},
      YEAR = {1976},
     PAGES = {x+207},
   MRCLASS = {46M35},
  MRNUMBER = {0482275 (58 \#2349)},
}

@article {MR2163627,
    AUTHOR = {Johnsen, J.},
     TITLE = {Domains of pseudo-differential operators: a case for the
              {T}riebel-{L}izorkin spaces},
   JOURNAL = {J. Funct. Spaces Appl.},
  FJOURNAL = {Journal of Function Spaces and Applications},
    VOLUME = {3},
      YEAR = {2005},
    NUMBER = {3},
     PAGES = {263--286},
      ISSN = {0972-6802},
   MRCLASS = {47G30 (35P05 46E35)},
  MRNUMBER = {2163627},
MRREVIEWER = {Rodolfo H. Torres},
       DOI = {10.1155/2005/393050},
       URL = {http://dx.doi.org.er.lib.k-state.edu/10.1155/2005/393050},
}

@article {MR891745,
    AUTHOR = {Marschall, J.},
     TITLE = {Pseudodifferential operators with nonregular symbols of the
              class {$S^m_{\rho\delta}$}},
   JOURNAL = {Comm. Partial Differential Equations},
  FJOURNAL = {Communications in Partial Differential Equations},
    VOLUME = {12},
      YEAR = {1987},
    NUMBER = {8},
     PAGES = {921--965},
      ISSN = {0360-5302},
     CODEN = {CPDIDZ},
   MRCLASS = {47G05 (35S05)},
  MRNUMBER = {891745 (88g:47102a)},
MRREVIEWER = {Georgi E. Karadzhov},
       DOI = {10.1080/03605308708820514},
       URL = {http://dx.doi.org.er.lib.k-state.edu/10.1080/03605308708820514},
}

@article {MR914817,
    AUTHOR = {Marschall, J.},
     TITLE = {Correction to: ``{P}seudodifferential operators with
              nonregular symbols of the class {$S^m_{\rho,\delta}$}''},
   JOURNAL = {Comm. Partial Differential Equations},
  FJOURNAL = {Communications in Partial Differential Equations},
    VOLUME = {13},
      YEAR = {1988},
    NUMBER = {1},
     PAGES = {129--130},
      ISSN = {0360-5302},
     CODEN = {CPDIDZ},
   MRCLASS = {47G05 (35S05)},
  MRNUMBER = {914817 (88g:47102b)},
MRREVIEWER = {Georgi E. Karadzhov},
}

@article {MR1376592,
    AUTHOR = {Marschall, J.},
     TITLE = {Nonregular pseudo-differential operators},
   JOURNAL = {Z. Anal. Anwendungen},
  FJOURNAL = {Zeitschrift f\"ur Analysis und ihre Anwendungen. Journal for
              Analysis and its Applications},
    VOLUME = {15},
      YEAR = {1996},
    NUMBER = {1},
     PAGES = {109--148},
      ISSN = {0232-2064},
   MRCLASS = {47G30 (35S05 46E35)},
  MRNUMBER = {1376592},
MRREVIEWER = {Boris A. Plamenevsky},
       DOI = {10.4171/ZAA/691},
       URL = {http://dx.doi.org.er.lib.k-state.edu/10.4171/ZAA/691},
}

@article {MR3035059,
    AUTHOR = {Rodr\'{i}guez-L\'{o}pez, S. and Staubach, W.},
     TITLE = {Estimates for rough {F}ourier integral and pseudodifferential
              operators and applications to the boundedness of multilinear
              operators},
   JOURNAL = {J. Funct. Anal.},
  FJOURNAL = {Journal of Functional Analysis},
    VOLUME = {264},
      YEAR = {2013},
    NUMBER = {10},
     PAGES = {2356--2385},
      ISSN = {0022-1236},
   MRCLASS = {35S05 (35S30 47B38)},
  MRNUMBER = {3035059},
MRREVIEWER = {Gianluca Garello},
       DOI = {10.1016/j.jfa.2013.02.018},
       URL = {https://doi-org.er.lib.k-state.edu/10.1016/j.jfa.2013.02.018},
}

@article {MR3165300,
    AUTHOR = {Michalowski, N. and Rule, D. and Staubach, W.},
     TITLE = {Multilinear pseudodifferential operators beyond
              {C}alder\'on-{Z}ygmund theory},
   JOURNAL = {J. Math. Anal. Appl.},
  FJOURNAL = {Journal of Mathematical Analysis and Applications},
    VOLUME = {414},
      YEAR = {2014},
    NUMBER = {1},
     PAGES = {149--165},
      ISSN = {0022-247X},
   MRCLASS = {42B25 (35S05 47F05)},
  MRNUMBER = {3165300},
       DOI = {10.1016/j.jmaa.2013.12.062},
       URL = {http://dx.doi.org.er.lib.k-state.edu/10.1016/j.jmaa.2013.12.062},
}

@article {MR3179688,
    AUTHOR = {Miyachi, A. and Tomita, N.},
     TITLE = {Calder\'on-{V}aillancourt-type theorem for bilinear operators},
   JOURNAL = {Indiana Univ. Math. J.},
  FJOURNAL = {Indiana University Mathematics Journal},
    VOLUME = {62},
      YEAR = {2013},
    NUMBER = {4},
     PAGES = {1165--1201},
      ISSN = {0022-2518},
   MRCLASS = {47F05 (42B35)},
  MRNUMBER = {3179688},
       DOI = {10.1512/iumj.2013.62.5059},
       URL = {http://dx.doi.org.er.lib.k-state.edu/10.1512/iumj.2013.62.5059},
}

@article{MT1,
  title={Bilinear pseudo-differential operators with exotic symbols},
  author={Miyachi, A. and Tomita, N.},
  journal={Ann. Inst. Fourier (Grenoble)},
  pages={1--17},
  year={2018},
  publisher={Springer}
}

@article{MT2,
  title={Bilinear pseudo-differential operators with exotic symbols, {II}},
  author={Miyachi, A. and Tomita, N.},
  journal={J. PseudoDiffer. Oper. Appl.},
  pages={},
  year={2018},
  publisher={},
  URL = {https://doi.org/10.1007/s11868-018-0251-2.} 
}

@article {Park,
    AUTHOR = {Park, B. J.},
     TITLE = {On the boundedness of Pseudo-differential operators on {T}riebel-{L}izorkin and {B}esov spaces},
   JOURNAL = { J. Math. Anal. Appl.},
  FJOURNAL = {},
    VOLUME = {461},
      YEAR = {2018},
    NUMBER = {},
     PAGES = {544-576},
      ISSN = {},
   MRCLASS = {},
  MRNUMBER = {},
MRREVIEWER = {},
       DOI = {},
       URL = {},
}

@book {MR0461123,
    AUTHOR = {Peetre, J.},
     TITLE = {New thoughts on {B}esov spaces},
      NOTE = {Duke University Mathematics Series, No. 1},
 PUBLISHER = {Mathematics Department, Duke University, Durham, N.C.},
      YEAR = {1976},
     PAGES = {vi+305},
   MRCLASS = {46E35 (46M35)},
  MRNUMBER = {0461123},
MRREVIEWER = {H. Triebel},
}

@article {MR2756010,
    AUTHOR = {Pramanik, M. and Rogers, K. M. and Seeger, A.},
     TITLE = {A {C}alder\'on-{Z}ygmund estimate with applications to
              generalized {R}adon transforms and {F}ourier integral
              operators},
   JOURNAL = {Studia Math.},
  FJOURNAL = {Studia Mathematica},
    VOLUME = {202},
      YEAR = {2011},
    NUMBER = {1},
     PAGES = {1--15},
      ISSN = {0039-3223},
   MRCLASS = {42B25 (35S30 44A12 47G30)},
  MRNUMBER = {2756010},
MRREVIEWER = {\~A?rp\~A!`d B\~A\copyright{}nyi},
       DOI = {10.4064/sm202-1-1},
       URL = {http://dx.doi.org.er.lib.k-state.edu/10.4064/sm202-1-1},
}

@book {MR3024598,
    AUTHOR = {Triebel, H.},
     TITLE = {Theory of function spaces},
    SERIES = {Modern Birkh\"auser Classics},
      NOTE = {Reprint of 1983 edition.
              Also published in 1983 by Birkh{\"a}user Verlag},
 PUBLISHER = {Birkh\"auser/Springer Basel AG, Basel},
      YEAR = {2010},
     PAGES = {285},
      ISBN = {978-3-0346-0415-4; 978-3-0346-0416-1},
   MRCLASS = {01A75},
  MRNUMBER = {3024598},
}

@article {MR0380394,
    AUTHOR = {Peetre, J.},
     TITLE = {On spaces of {T}riebel-{L}izorkin type},
   JOURNAL = {Ark. Mat.},
  FJOURNAL = {Arkiv f\"or Matematik},
    VOLUME = {13},
      YEAR = {1975},
     PAGES = {123--130},
      ISSN = {0004-2080},
   MRCLASS = {46E35},
  MRNUMBER = {0380394},
MRREVIEWER = {H. Triebel},
       DOI = {10.1007/BF02386201},
       URL = {http://dx.doi.org.er.lib.k-state.edu/10.1007/BF02386201},
}

@book {MR1419319,
    AUTHOR = {Runst, T. and Sickel, W.},
     TITLE = {Sobolev spaces of fractional order, {N}emytskij operators, and
              nonlinear partial differential equations},
    SERIES = {de Gruyter Series in Nonlinear Analysis and Applications},
    VOLUME = {3},
 PUBLISHER = {Walter de Gruyter \& Co., Berlin},
      YEAR = {1996},
     PAGES = {x+547},
      ISBN = {3-11-015113-8},
   MRCLASS = {47H30 (35J65 46E35 46F10 47N20)},
  MRNUMBER = {1419319 (98a:47071)},
MRREVIEWER = {P. Szeptycki},
       DOI = {10.1515/9783110812411},
       URL = {http://dx.doi.org.er.lib.k-state.edu/10.1515/9783110812411},
}

@article {MR2483720,
    AUTHOR = {Lerner, A. K. and Ombrosi, S. and P\'{e}rez, C. and
              Torres, R. H. and Trujillo-Gonz\'{a}lez, R.},
     TITLE = {New maximal functions and multiple weights for the multilinear
              {C}alder\'{o}n-{Z}ygmund theory},
   JOURNAL = {Adv. Math.},
  FJOURNAL = {Advances in Mathematics},
    VOLUME = {220},
      YEAR = {2009},
    NUMBER = {4},
     PAGES = {1222--1264},
      ISSN = {0001-8708},
   MRCLASS = {42B20},
  MRNUMBER = {2483720},
MRREVIEWER = {Philip T. Gressman},
       DOI = {10.1016/j.aim.2008.10.014},
       URL = {https://doi-org.er.lib.k-state.edu/10.1016/j.aim.2008.10.014},
}

@article {MR1947875,
    AUTHOR = {Grafakos, L. and Torres, R. H.},
     TITLE = {Maximal operator and weighted norm inequalities for
              multilinear singular integrals},
   JOURNAL = {Indiana Univ. Math. J.},
  FJOURNAL = {Indiana University Mathematics Journal},
    VOLUME = {51},
      YEAR = {2002},
    NUMBER = {5},
     PAGES = {1261--1276},
      ISSN = {0022-2518},
   MRCLASS = {42B25},
  MRNUMBER = {1947875},
MRREVIEWER = {Donald Krug},
       DOI = {10.1512/iumj.2002.51.2114},
       URL = {https://doi-org.er.lib.k-state.edu/10.1512/iumj.2002.51.2114},
}
		
@article {MR1713146,
    AUTHOR = {Kenig, C. E. and Stein, E. M.},
     TITLE = {Erratum to: ``{M}ultilinear estimates and fractional
              integration''},
   JOURNAL = {Math. Res. Lett.},
  FJOURNAL = {Mathematical Research Letters},
    VOLUME = {6},
      YEAR = {1999},
    NUMBER = {3-4},
     PAGES = {467},
      ISSN = {1073-2780},
   MRCLASS = {42B20 (26A33 47G10)},
  MRNUMBER = {1713146},
MRREVIEWER = {Michael T. Lacey},
       DOI = {10.4310/MRL.1999.v6.n4.a10},
       URL = {https://doi-org.er.lib.k-state.edu/10.4310/MRL.1999.v6.n4.a10},
}

@article {MR1880324,
    AUTHOR = {Grafakos, L. and Torres, R. H.},
     TITLE = {Multilinear {C}alder\'{o}n-{Z}ygmund theory},
   JOURNAL = {Adv. Math.},
  FJOURNAL = {Advances in Mathematics},
    VOLUME = {165},
      YEAR = {2002},
    NUMBER = {1},
     PAGES = {124--164},
      ISSN = {0001-8708},
   MRCLASS = {42B25 (35S05 47G10)},
  MRNUMBER = {1880324},
MRREVIEWER = {Gerald B. Folland},
       DOI = {10.1006/aima.2001.2028},
       URL = {https://doi-org.er.lib.k-state.edu/10.1006/aima.2001.2028},
}

@article {MR763911,
    AUTHOR = {David, G. and Journ\'{e}, J-L.},
     TITLE = {A boundedness criterion for generalized {C}alder\'{o}n-{Z}ygmund
              operators},
   JOURNAL = {Ann. of Math. (2)},
  FJOURNAL = {Annals of Mathematics. Second Series},
    VOLUME = {120},
      YEAR = {1984},
    NUMBER = {2},
     PAGES = {371--397},
      ISSN = {0003-486X},
   MRCLASS = {42B20 (47B38)},
  MRNUMBER = {763911},
MRREVIEWER = {Yves Meyer},
       DOI = {10.2307/2006946},
       URL = {https://doi-org.er.lib.k-state.edu/10.2307/2006946},
}

@article {MR1682725,
    AUTHOR = {Kenig, C. E. and Stein, E. M.},
     TITLE = {Multilinear estimates and fractional integration},
   JOURNAL = {Math. Res. Lett.},
  FJOURNAL = {Mathematical Research Letters},
    VOLUME = {6},
      YEAR = {1999},
    NUMBER = {1},
     PAGES = {1--15},
      ISSN = {1073-2780},
   MRCLASS = {42B20 (26A33 47G10)},
  MRNUMBER = {1682725},
MRREVIEWER = {Michael T. Lacey},
       DOI = {10.4310/MRL.1999.v6.n1.a1},
       URL = {https://doi-org.er.lib.k-state.edu/10.4310/MRL.1999.v6.n1.a1},
}
		
@article {MR2030573,
    AUTHOR = {Grafakos, L. and Martell, J. M.},
     TITLE = {Extrapolation of weighted norm inequalities for multivariable
              operators and applications},
   JOURNAL = {J. Geom. Anal.},
  FJOURNAL = {The Journal of Geometric Analysis},
    VOLUME = {14},
      YEAR = {2004},
    NUMBER = {1},
     PAGES = {19--46},
      ISSN = {1050-6926},
   MRCLASS = {42B25 (46M35 47G10)},
  MRNUMBER = {2030573},
MRREVIEWER = {Maria J. Carro},
       DOI = {10.1007/BF02921864},
       URL = {https://doi-org.er.lib.k-state.edu/10.1007/BF02921864},
}